<collection xmlns="http://www.loc.gov/MARC21/slim">
<record>
  <leader>01609nam0a22003011i 450 </leader>
  <controlfield tag="001">IT\ICCU\CNCE\062046</controlfield>
  <controlfield tag="005">20170515000000.0</controlfield>
  <datafield tag="012" ind1=" " ind2=" ">
    <subfield code="a">e&apos;ts ceb- toto nace (C) 1510 (Q)</subfield>
    <subfield code="2">fei</subfield>
  </datafield>
  <datafield tag="100" ind1=" " ind2=" ">
    <subfield code="a">20051024f15101515    0itac0103    ba</subfield>
  </datafield>
  <datafield tag="101" ind1=" " ind2=" ">
    <subfield code="a">ITA</subfield>
  </datafield>
  <datafield tag="102" ind1=" " ind2=" ">
    <subfield code="a">IT</subfield>
  </datafield>
  <datafield tag="200" ind1="1" ind2=" ">
    <subfield code="a">Rappresentatione duno peregrino, che andando a sancto Jacopo, el diauolo lo inganno</subfield>
  </datafield>
  <datafield tag="210" ind1=" " ind2=" ">
    <subfield code="d">\tra il 1510 e il 1515!</subfield>
    <subfield code="e">\Firenze!</subfield>
    <subfield code="g">fece istampare Zanobi barbetta</subfield>
  </datafield>
  <datafield tag="215" ind1=" " ind2=" ">
    <subfield code="a">\6!</subfield>
    <subfield code="c">ill.</subfield>
    <subfield code="d">4ʻ</subfield>
  </datafield>
  <datafield tag="300" ind1=" " ind2=" ">
    <subfield code="a">Stampata a Firenze da Antonio Tubini e Andrea Ghirlandi; per i tipografi e la data cfr.: S. Periti, Contributo alla bibliografia fiorentina del XVI secolo. Le edizioni dal 1501 al 1530, R26</subfield>
  </datafield>
  <datafield tag="500" ind1="1" ind2="1">
    <subfield code="3">IT\ICCU\CNCE\062055</subfield>
    <subfield code="a">Rappresentazione di s. Giacomo di Galizia: un pellegrino</subfield>
  </datafield>
  <datafield tag="620" ind1=" " ind2=" ">
    <subfield code="a">IT</subfield>
    <subfield code="d">Firenze</subfield>
  </datafield>
  <datafield tag="712" ind1="0" ind2="0">
    <subfield code="a">Della_Barba, Zanobi</subfield>
    <subfield code="3">IT\ICCU\CNCT\000953</subfield>
    <subfield code="4">650</subfield>
  </datafield>
  <datafield tag="712" ind1="0" ind2="0">
    <subfield code="a">Tubini, Antonio &amp; Ghirlandi, Andrea</subfield>
    <subfield code="3">IT\ICCU\CNCT\000649</subfield>
    <subfield code="4">650</subfield>
  </datafield>
  <datafield tag="791" ind1="0" ind2="0">
    <subfield code="a">Dalla_Barba, Zanobi</subfield>
    <subfield code="3">IT\ICCU\CNCT\003655</subfield>
    <subfield code="z">Della_Barba, Zanobi</subfield>
  </datafield>
  <datafield tag="791" ind1="0" ind2="0">
    <subfield code="a">Barba, Zanobi della</subfield>
    <subfield code="3">IT\ICCU\CNCT\003751</subfield>
    <subfield code="z">Della_Barba, Zanobi</subfield>
  </datafield>
  <datafield tag="791" ind1="0" ind2="0">
    <subfield code="a">Barberino, Zanobi da</subfield>
    <subfield code="3">IT\ICCU\CNCT\004577</subfield>
    <subfield code="z">Della_Barba, Zanobi</subfield>
  </datafield>
  <datafield tag="791" ind1="0" ind2="0">
    <subfield code="a">Barba, Zenobio</subfield>
    <subfield code="3">IT\ICCU\CNCT\004578</subfield>
    <subfield code="z">Della_Barba, Zanobi</subfield>
  </datafield>
  <datafield tag="791" ind1="0" ind2="2">
    <subfield code="a">Zanobi da Barberino</subfield>
    <subfield code="3">IT\ICCU\CNCT\004579</subfield>
    <subfield code="z">Della_Barba, Zanobi</subfield>
  </datafield>
  <datafield tag="791" ind1="0" ind2="0">
    <subfield code="a">Ghirlandi, Andrea</subfield>
    <subfield code="3">IT\ICCU\CNCT\002180</subfield>
    <subfield code="z">Tubini, Antonio &amp; Ghirlandi, Andrea</subfield>
  </datafield>
  <datafield tag="791" ind1="0" ind2="0">
    <subfield code="a">Thobini, Antonio &amp; Gryllandi, Andrea</subfield>
    <subfield code="3">IT\ICCU\CNCT\004143</subfield>
    <subfield code="z">Tubini, Antonio &amp; Ghirlandi, Andrea</subfield>
  </datafield>
  <datafield tag="801" ind1=" " ind2="3">
    <subfield code="a">IT</subfield>
    <subfield code="b">ICCU</subfield>
    <subfield code="c">20201115</subfield>
  </datafield>
  <datafield tag="899" ind1=" " ind2=" ">
    <subfield code="a">Biblioteca nazionale centrale. Firenze</subfield>
    <subfield code="1">FI0098</subfield>
    <subfield code="2">CFI CF</subfield>
  </datafield>
</record>
</collection>
